@article{UnixReliability,
 author = {Miller, Barton P. and Fredriksen, Louis and So, Bryan},
 title = {An empirical study of the reliability of UNIX utilities},
 journal = {Commun. ACM},
 issue_date = {Dec. 1990},
 volume = {33},
 number = {12},
 month = dec,
 year = {1990},
 issn = {0001-0782},
 pages = {32--44},
 numpages = {13},
 url = {http://doi.acm.org/10.1145/96267.96279},
 doi = {10.1145/96267.96279},
 acmid = {96279},
 publisher = {ACM},
 address = {New York, NY, USA},
} 

@inproceedings{UNUSED_Drewry:2008:ICS:1496702.1496705,
 author = {Drewry, Will and Ormandy, Tavis},
 title = {Insecure context switching: inoculating regular expressions for survivability},
 booktitle = {Proceedings of the 2nd conference on USENIX Workshop on offensive technologies},
 series = {WOOT'08},
 year = {2008},
 location = {San Jose, CA},
 pages = {3:1--3:10},
 articleno = {3},
 numpages = {10},
 url = {http://dl.acm.org/citation.cfm?id=1496702.1496705},
 acmid = {1496705},
 publisher = {USENIX Association},
 address = {Berkeley, CA, USA},
}

@article{SageArtikkeli,
 author = {Godefroid, Patrice and Levin, Michael Y. and Molnar, David},
 title = {SAGE: Whitebox Fuzzing for Security Testing},
 journal = {Queue},
 issue_date = {January 2012},
 volume = {10},
 number = {1},
 month = jan,
 year = {2012},
 issn = {1542-7730},
 pages = {20:20--20:27},
 articleno = {20},
 numpages = {8},
 url = {http://doi.acm.org/10.1145/2090147.2094081},
 doi = {10.1145/2090147.2094081},
 acmid = {2094081},
 publisher = {ACM},
 address = {New York, NY, USA},
} 

@inproceedings{UNUSED_GodefroidLM08,
  author    = {Patrice Godefroid and
               Michael Y. Levin and
               David A. Molnar},
  title     = {Automated Whitebox Fuzz Testing},
  booktitle = {NDSS},
  year      = {2008}
}

@inproceedings{UNUSED_Drewry:2007:FEA:1323276.1323277,
 author = {Drewry, Will and Ormandy, Tavis},
 title = {Flayer: exposing application internals},
 booktitle = {Proceedings of the first USENIX workshop on Offensive Technologies},
 series = {WOOT '07},
 year = {2007},
 location = {Boston, MA},
 pages = {1:1--1:9},
 articleno = {1},
 numpages = {9},
 url = {http://dl.acm.org/citation.cfm?id=1323276.1323277},
 acmid = {1323277},
 publisher = {USENIX Association},
 address = {Berkeley, CA, USA},
}

@inproceedings{UNUSED_Godefroid:2008:GWF:1375581.1375607,
 author = {Godefroid, Patrice and Kiezun, Adam and Levin, Michael Y.},
 title = {Grammar-based whitebox fuzzing},
 booktitle = {Proceedings of the 2008 ACM SIGPLAN conference on Programming language design and implementation},
 series = {PLDI '08},
 year = {2008},
 isbn = {978-1-59593-860-2},
 location = {Tucson, AZ, USA},
 pages = {206--215},
 numpages = {10},
 url = {http://doi.acm.org/10.1145/1375581.1375607},
 doi = {10.1145/1375581.1375607},
 acmid = {1375607},
 publisher = {ACM},
 address = {New York, NY, USA},
 keywords = {automatic test generation, grammars, program verification, software testing},
} 

@article{OuluBrowser,
 author = {Pietikäinen, Pekka and Helin, Aki and Puuperä, Rauli and Kettunen, Atte and Luomala, Jarmo and Röning, Juha},
 title = {Security Testing of Web Browsers},
 journal = {Communications of the Cloud Software},
 issue_date = {Dec. 2011},
 volume = {1},
 number = {1},
 month = dec,
 year = {2011},
 numpages = {10},
 url = {http://www.cloudsw.org/under-review/ec2266cf-8d22-4bfe-a70c-3fa1569c7007},
 keywords = {web browser, security testing, vulnerability testing},
} 

@book{Sommerville,
 author = {Sommerville, Ian},
 title = {Software Engineering: (Update) (8th Edition) (International Computer Science)},
 year = {2006},
 isbn = {0321313798},
 publisher = {Addison-Wesley Longman Publishing Co., Inc.},
 address = {Boston, MA, USA},
}
