@article{UnixReliability,
 author = {Miller, Barton P. and Fredriksen, Louis and So, Bryan},
 title = {An empirical study of the reliability of UNIX utilities},
 journal = {Commun. ACM},
 issue_date = {Dec. 1990},
 volume = {33},
 number = {12},
 month = dec,
 year = {1990},
 issn = {0001-0782},
 pages = {32--44},
 numpages = {13},
 url = {http://doi.acm.org/10.1145/96267.96279},
 doi = {10.1145/96267.96279},
 acmid = {96279},
 publisher = {ACM},
 address = {New York, NY, USA},
}

@inproceedings{UNUSED_Drewry:2008:ICS:1496702.1496705,
 author = {Drewry, Will and Ormandy, Tavis},
 title = {Insecure context switching: inoculating regular expressions for survivability},
 booktitle = {Proceedings of the 2nd conference on USENIX Workshop on offensive technologies},
 series = {WOOT'08},
 year = {2008},
 location = {San Jose, CA},
 pages = {3:1--3:10},
 articleno = {3},
 numpages = {10},
 url = {http://dl.acm.org/citation.cfm?id=1496702.1496705},
 acmid = {1496705},
 publisher = {USENIX Association},
 address = {Berkeley, CA, USA},
}

@article{SageArtikkeli,
 author = {Godefroid, Patrice and Levin, Michael Y. and Molnar, David},
 title = {SAGE: Whitebox Fuzzing for Security Testing},
 journal = {Queue},
 issue_date = {January 2012},
 volume = {10},
 number = {1},
 month = jan,
 year = {2012},
 issn = {1542-7730},
 pages = {20:20--20:27},
 articleno = {20},
 numpages = {8},
 url = {http://doi.acm.org/10.1145/2090147.2094081},
 doi = {10.1145/2090147.2094081},
 acmid = {2094081},
 publisher = {ACM},
 address = {New York, NY, USA},
}

@inproceedings{UNUSED_GodefroidLM08,
  author    = {Patrice Godefroid and
               Michael Y. Levin and
               David A. Molnar},
  title     = {Automated Whitebox Fuzz Testing},
  booktitle = {NDSS},
  year      = {2008}
}

@inproceedings{UNUSED_Drewry:2007:FEA:1323276.1323277,
 author = {Drewry, Will and Ormandy, Tavis},
 title = {Flayer: exposing application internals},
 booktitle = {Proceedings of the first USENIX workshop on Offensive Technologies},
 series = {WOOT '07},
 year = {2007},
 location = {Boston, MA},
 pages = {1:1--1:9},
 articleno = {1},
 numpages = {9},
 url = {http://dl.acm.org/citation.cfm?id=1323276.1323277},
 acmid = {1323277},
 publisher = {USENIX Association},
 address = {Berkeley, CA, USA},
}

@inproceedings{UNUSED_Godefroid:2008:GWF:1375581.1375607,
 author = {Godefroid, Patrice and Kiezun, Adam and Levin, Michael Y.},
 title = {Grammar-based whitebox fuzzing},
 booktitle = {Proceedings of the 2008 ACM SIGPLAN conference on Programming language design and implementation},
 series = {PLDI '08},
 year = {2008},
 isbn = {978-1-59593-860-2},
 location = {Tucson, AZ, USA},
 pages = {206--215},
 numpages = {10},
 url = {http://doi.acm.org/10.1145/1375581.1375607},
 doi = {10.1145/1375581.1375607},
 acmid = {1375607},
 publisher = {ACM},
 address = {New York, NY, USA},
 keywords = {automatic test generation, grammars, program verification, software testing},
}

@article{OuluBrowser,
 author = {Pietikäinen, Pekka and Helin, Aki and Puuperä, Rauli and Kettunen, Atte and Luomala, Jarmo and Röning, Juha},
 title = {Security Testing of Web Browsers},
 journal = {Communications of the Cloud Software},
 issue_date = {Dec. 2011},
 volume = {1},
 number = {1},
 month = dec,
 year = {2011},
 numpages = {10},
 url = {http://www.cloudsw.org/under-review/ec2266cf-8d22-4bfe-a70c-3fa1569c7007},
 keywords = {web browser, security testing, vulnerability testing},
}

@book{Sommerville,
 author = {Sommerville, Ian},
 title = {Software Engineering: (8th Edition) (International Computer Science)},
 year = {2006},
 isbn = {0321313798},
 publisher = {Addison-Wesley Longman Publishing Co., Inc.},
 address = {Boston, MA, USA},
}

@article{Coverity,
 author = {Bessey, Al and Block, Ken and Chelf, Ben and Chou, Andy and Fulton, Bryan and Hallem, Seth and Henri-Gros, Charles and Kamsky, Asya and McPeak, Scott and Engler, Dawson},
 title = {A few billion lines of code later: using static analysis to find bugs in the real world},
 journal = {Commun. ACM},
 issue_date = {February 2010},
 volume = {53},
 number = {2},
 month = feb,
 year = {2010},
 issn = {0001-0782},
 pages = {66--75},
 numpages = {10},
 url = {http://doi.acm.org/10.1145/1646353.1646374},
 doi = {10.1145/1646353.1646374},
 acmid = {1646374},
 publisher = {ACM},
 address = {New York, NY, USA},
}

@inproceedings{UNUSED_MedicalTesting,
 author = {Woskowski, Christoph},
 title = {Applying industrial-strength testing techniques to critical care medical equipment},
 booktitle = {Proceedings of the 31st international conference on Computer Safety, Reliability, and Security},
 series = {SAFECOMP'12},
 year = {2012},
 isbn = {978-3-642-33677-5},
 location = {Magdeburg, Germany},
 pages = {62--73},
 numpages = {12},
 url = {http://dx.doi.org/10.1007/978-3-642-33678-2_6},
 doi = {10.1007/978-3-642-33678-2_6},
 acmid = {2415589},
 publisher = {Springer-Verlag},
 address = {Berlin, Heidelberg},
 keywords = {domain-specific language, embedded system, keyword-driven, medical device, safety-critical, testing hardware},
}

@inproceedings{UNUSED_FaultInject,
 author = {Banabic, Radu and Candea, George},
 title = {Fast black-box testing of system recovery code},
 booktitle = {Proceedings of the 7th ACM european conference on Computer Systems},
 series = {EuroSys '12},
 year = {2012},
 isbn = {978-1-4503-1223-3},
 location = {Bern, Switzerland},
 pages = {281--294},
 numpages = {14},
 url = {http://doi.acm.org/10.1145/2168836.2168865},
 doi = {10.1145/2168836.2168865},
 acmid = {2168865},
 publisher = {ACM},
 address = {New York, NY, USA},
 keywords = {automated testing, fault injection, testing},
}

@inproceedings{UNUSED_RealWordComparison,
 author = {Austin, Andrew and Williams, Laurie},
 title = {One Technique is Not Enough: A Comparison of Vulnerability Discovery Techniques},
 booktitle = {Proceedings of the 2011 International Symposium on Empirical Software Engineering and Measurement},
 series = {ESEM '11},
 year = {2011},
 isbn = {978-0-7695-4604-9},
 pages = {97--106},
 numpages = {10},
 url = {http://dx.doi.org/10.1109/ESEM.2011.18},
 doi = {10.1109/ESEM.2011.18},
 acmid = {2083416},
 publisher = {IEEE Computer Society},
 address = {Washington, DC, USA},
 keywords = {security, vulnerability, static analysis, penetration testing, blackbox testing, whitebox testing},
}

@inproceedings{StaticCodeAnalysis,
 author={Baca, D. and Petersen, K. and Carlsson, B. and Lundberg, L.},
 booktitle={International Conferencne on Availability, Reliability and Security, 2009. ARES '09.},
 title={Static Code Analysis to Detect Software Security Vulnerabilities - Does Experience Matter?},
 year={2009},
 month=mar,
 volume={},
 number={},
 pages={804 -810},
 keywords={Availability;Computer languages;Detectors;Fault detection;Fault diagnosis;Reliability engineering;Security;Software systems;program diagnostics;security of data;software maintenance;legacy code;software security;static code analysis;vulnerability detection;coverity;experience;industry experiment;prevent;security;software security;static analysis;static code analysis;vulnerabilities;},
 doi={10.1109/ARES.2009.163},
 ISSN={},
}

@inproceedings{Lint,
    author = {S. C. Johnson},
    title = {Lint, a C Program Checker},
    booktitle = {Computer Science Technical Report},
    year = {1978},
    volume = {2B},
    publisher = {Bell Telephone Laboratories}
}

@inproceedings{JavascriptFuzz,
 author = {Holler, Christian and Herzig, Kim and Zeller, Andreas},
 title = {Fuzzing with code fragments},
 booktitle = {Proceedings of the 21st USENIX conference on Security symposium},
 series = {Security'12},
 year = {2012},
 location = {Bellevue, WA},
 pages = {38--38},
 numpages = {1},
 url = {http://dl.acm.org/citation.cfm?id=2362793.2362831},
 acmid = {2362831},
 publisher = {USENIX Association},
 address = {Berkeley, CA, USA},
}

@inproceedings{ZeroDay,
 author = {Bilge, Leyla and Dumitras, Tudor},
 title = {Before we knew it: an empirical study of zero-day attacks in the real world},
 booktitle = {Proceedings of the 2012 ACM conference on Computer and communications security},
 series = {CCS '12},
 year = {2012},
 isbn = {978-1-4503-1651-4},
 location = {Raleigh, North Carolina, USA},
 pages = {833--844},
 numpages = {12},
 url = {http://doi.acm.org/10.1145/2382196.2382284},
 doi = {10.1145/2382196.2382284},
 acmid = {2382284},
 publisher = {ACM},
 address = {New York, NY, USA},
 keywords = {full disclosure, vulnerabilities, zero-day attacks},
}

@inproceedings{UNUSED_InternetWorms,
 author = {Zou, Cliff Changchun and Gao, Lixin and Gong, Weibo and Towsley, Don},
 title = {Monitoring and early warning for Internet worms},
 booktitle = {Proceedings of the 10th ACM conference on Computer and communications security},
 series = {CCS '03},
 year = {2003},
 isbn = {1-58113-738-9},
 location = {Washington D.C., USA},
 pages = {190--199},
 numpages = {10},
 url = {http://doi.acm.org/10.1145/948109.948136},
 doi = {10.1145/948109.948136},
 acmid = {948136},
 publisher = {ACM},
 address = {New York, NY, USA},
 keywords = {early detection, monitoring, worm propagation},
}

@inproceedings{CodeRed,
 author = {Moore, David and Shannon, Colleen and Claffy, Kimberly},
 title = {Code-Red: a case study on the spread and victims of an Internet worm},
 booktitle = {Proceedings of the 2nd ACM SIGCOMM Workshop on Internet measurment},
 series = {IMW '02},
 year = {2002},
 isbn = {1-58113-603-X},
 location = {Marseille, France},
 pages = {273--284},
 numpages = {12},
 url = {http://doi.acm.org/10.1145/637201.637244},
 doi = {10.1145/637201.637244},
 acmid = {637244},
 publisher = {ACM},
 address = {New York, NY, USA},
 keywords = {Code-Red, Code-RedI, CodeRedI, CodeRedII, backscatter, epidemiology, security, virus, worm},
}

@article{ViolatingAssumptions,
 author = {Oehlert, Peter},
 title = {Violating Assumptions with Fuzzing},
 journal = {IEEE Security and Privacy},
 issue_date = {March 2005},
 volume = {3},
 number = {2},
 month = mar,
 year = {2005},
 issn = {1540-7993},
 pages = {58--62},
 numpages = {5},
 url = {http://dx.doi.org/10.1109/MSP.2005.55},
 doi = {10.1109/MSP.2005.55},
 acmid = {1058339},
 publisher = {IEEE Educational Activities Department},
 address = {Piscataway, NJ, USA},
 keywords = {boundary conditions, completeness testing, comprehensive negative testing, fuzzing, fuzzing, software testing, boundary conditions, completeness testing, comprehensive negative testing, quality assurance, quality assurance, software testing},
}

@inproceedings{UNUSED_BasebandCrashes,
 author = {Weinmann, Ralf-Philipp},
 title = {Baseband attacks: remote exploitation of memory corruptions in cellular protocol stacks},
 booktitle = {Proceedings of the 6th USENIX conference on Offensive Technologies},
 series = {WOOT'12},
 year = {2012},
 location = {Bellevue, WA},
 pages = {2--2},
 numpages = {1},
 url = {http://dl.acm.org/citation.cfm?id=2372399.2372402},
 acmid = {2372402},
 publisher = {USENIX Association},
 address = {Berkeley, CA, USA},
 keywords = {GSM, baseband security, memory corruption, radio firmware},
}

@inproceedings{UNUSED_SmsODeath,
 author = {Mulliner, Collin and Golde, Nico and Seifert, Jean-Pierre},
 title = {SMS of death: from analyzing to attacking mobile phones on a large scale},
 booktitle = {Proceedings of the 20th USENIX conference on Security},
 series = {SEC'11},
 year = {2011},
 location = {San Francisco, CA},
 pages = {24--24},
 numpages = {1},
 url = {http://dl.acm.org/citation.cfm?id=2028067.2028091},
 acmid = {2028091},
 publisher = {USENIX Association},
 address = {Berkeley, CA, USA},
}

@article{MemorySafeC,
 author = {Oiwa, Yutaka},
 title = {Implementation of the memory-safe full ANSI-C compiler},
 journal = {SIGPLAN Not.},
 issue_date = {June 2009},
 volume = {44},
 number = {6},
 month = jun,
 year = {2009},
 issn = {0362-1340},
 pages = {259--269},
 numpages = {11},
 url = {http://doi.acm.org/10.1145/1543135.1542505},
 doi = {10.1145/1543135.1542505},
 acmid = {1542505},
 publisher = {ACM},
 address = {New York, NY, USA},
 keywords = {c language, memory safety},
}

@article{SoftBound,
 author = {Nagarakatte, Santosh and Zhao, Jianzhou and Martin, Milo M.K. and Zdancewic, Steve},
 title = {SoftBound: highly compatible and complete spatial memory safety for C},
 journal = {SIGPLAN Not.},
 issue_date = {June 2009},
 volume = {44},
 number = {6},
 month = jun,
 year = {2009},
 issn = {0362-1340},
 pages = {245--258},
 numpages = {14},
 url = {http://doi.acm.org/10.1145/1543135.1542504},
 doi = {10.1145/1543135.1542504},
 acmid = {1542504},
 publisher = {ACM},
 address = {New York, NY, USA},
 keywords = {buffer overflows, c, spatial memory safety},
}

@inproceedings{StaticallyDetecting,
 author = {Larochelle, David and Evans, David},
 title = {Statically detecting likely buffer overflow vulnerabilities},
 booktitle = {Proceedings of the 10th conference on USENIX Security Symposium - Volume 10},
 series = {SSYM'01},
 year = {2001},
 location = {Washington, D.C.},
 pages = {14--14},
 numpages = {1},
 url = {http://dl.acm.org/citation.cfm?id=1251327.1251341},
 acmid = {1251341},
 publisher = {USENIX Association},
 address = {Berkeley, CA, USA},
}
